@article{bowring2018exploring,
  title={Exploring the Impact of Analysis Software on Task {fMRI} Results},
  author={Bowring, Alexander and Maumet, Camille and Nichols, Thomas},
  journal={bioRxiv},
  pages={285585},
  year={2018},
  publisher={Cold Spring Harbor Laboratory}
}

@article{peng2011reproducible,
  title={Reproducible research in computational science},
  author={Peng, Roger D},
  journal={Science},
  volume={334},
  number={6060},
  pages={1226--1227},
  year={2011},
  publisher={American Association for the Advancement of Science}
}

@article{baker2016there,
  title={Is there a reproducibility crisis? {A} {N}ature survey lifts the lid on how researchers view the crisis rocking science and what they think will help},
  author={Baker, Monya},
  journal={Nature},
  volume={533},
  number={7604},
  pages={452--455},
  year={2016},
  publisher={Nature Publishing Group}
}

@article{gronenschild2012effects,
  title={The effects of {FreeSurfer} version, workstation type, and Macintosh operating system version on anatomical volume and cortical thickness measurements},
  author={Gronenschild, Ed HBM and Habets, Petra and Jacobs, Heidi IL and Mengelers, Ron and Rozendaal, Nico and Van Os, Jim and Marcelis, Machteld},
  journal={PloS one},
  volume={7},
  number={6},
  pages={e38234},
  year={2012},
  publisher={Public Library of Science}
}

@article{feng2013efficient,
  title={Efficient distributed monitoring with active collaborative prediction},
  author={Feng, Dawei and Germain, C{\'e}cile and Glatard, Tristan},
  journal={Future Generation Computer Systems},
  volume={29},
  number={8},
  pages={2272--2283},
  year={2013},
  publisher={Elsevier}
}


@article{glatard2015reproducibility,
  title={Reproducibility of neuroimaging analyses across operating systems},
  author={Glatard, Tristan and Lewis, Lindsay B and Ferreira da Silva, Rafael and Adalat, Reza and Beck, Natacha and Lepage, Claude and Rioux, Pierre and Rousseau, Marc-Etienne and Sherif, Tarek and Deelman, Ewa and others},
  journal={Frontiers in neuroinformatics},
  volume={9},
  pages={12},
  year={2015},
  publisher={Frontiers}
}

@book{leskovec2014mining,
  title={Mining of massive datasets},
  author={Leskovec, Jure and Rajaraman, Anand and Ullman, Jeffrey David},
  year={2014},
  publisher={Cambridge university press}
}

@article{linden2003amazon,
  title={Amazon.com recommendations: Item-to-item collaborative filtering},
  author={Linden, Greg and Smith, Brent and York, Jeremy},
  journal={IEEE Internet computing},
  number={1},
  pages={76--80},
  year={2003},
  publisher={IEEE}
}

@inproceedings{breese1998empirical,
  title={Empirical analysis of predictive algorithms for collaborative filtering},
  author={Breese, John S and Heckerman, David and Kadie, Carl},
  booktitle={Proceedings of the Fourteenth conference on Uncertainty in artificial intelligence},
  pages={43--52},
  year={1998},
  organization={Morgan Kaufmann Publishers Inc.}
}

@article{koren2009matrix,
  title={Matrix factorization techniques for recommender systems},
  author={Koren, Yehuda and Bell, Robert and Volinsky, Chris},
  journal={Computer},
  number={8},
  pages={30--37},
  year={2009},
  publisher={IEEE}
}

@article{glasser2013minimal,
  title={The minimal preprocessing pipelines for the {Human Connectome Project}},
  author={Glasser, Matthew F and Sotiropoulos, Stamatios N and Wilson, J Anthony and Coalson, Timothy S and Fischl, Bruce and Andersson, Jesper L and Xu, Junqian and Jbabdi, Saad and Webster, Matthew and Polimeni, Jonathan R and others},
  journal={Neuroimage},
  volume={80},
  pages={105--124},
  year={2013},
  publisher={Elsevier}
}

@article{van2013wu,
  title={The {WU-Minn} {Human Connectome Project}: an overview},
  author={Van Essen, David C and Smith, Stephen M and Barch, Deanna M and Behrens, Timothy EJ and Yacoub, Essa and Ugurbil, Kamil and Wu-Minn HCP Consortium and others},
  journal={Neuroimage},
  volume={80},
  pages={62--79},
  year={2013},
  publisher={Elsevier}
}
